@article{billio2003,
title = "Contagion and interdependence in stock markets: Have they been misdiagnosed?",
journal = "Journal of Economics and Business",
volume = "55",
number = "5",
pages = "405 - 426",
year = "2003",
note = "Globalization in the New Millennium: Evidence on Financial and Economic Integration",
issn = "0148-6195",
doi = "https://doi.org/10.1016/S0148-6195(03)00048-1",
url = "http://www.sciencedirect.com/science/article/pii/S0148619503000481",
author = "Monica Billio and Loriana Pelizzon",
keywords = "Contagion, Stock market crises, International financial markets"
}

@book{markovitz1959,
ISBN = "9780300013726",
URL = "http://www.jstor.org/stable/j.ctt1bh4c8h",
author = "Harry M. Markowitz",
publisher = "Yale University Press",
title = "Portfolio Selection: Efficient Diversification of Investments",
year = "1959"
}

@article{engle2012,
	author = "Robert   Engle  and  Bryan   Kelly",
	title = "Dynamic Equicorrelation",
	journal = "Journal of Business \& Economic Statistics",
	volume = "30",
	number = "2",
	pages = "212-228",
	year  = "2012",
	publisher = "Taylor & Francis",
	doi = "10.1080/07350015.2011.652048",
	URL = "https://doi.org/10.1080/07350015.2011.652048",
	eprint = "https://doi.org/10.1080/07350015.2011.652048"
}

@article{bucciol2006,
	title = "Optimal asset allocation based on utility maximization in the presence of market frictions",
	author = "Bucciol Alessandro and Miniaci Raffaele",
	year = "2006",
	institution = "Dipartimento di Scienze Economiche Marco Fanno",
	number = "0012",
	url = "https://EconPapers.repec.org/RePEc:pad:wpaper:0012"
}

@book{lorenz2008thesis,
	title="Optimal Trading Algorithms: Portfolio Transactions, Multiperiod Portfolio Selection, and Competitive Online Search",
	author="Lorenz, J.M.",
	url="https://books.google.ru/books?id=WHXMSAAACAAJ",
	year="2008",
	publisher="ETH"
}

@book{neumann1944,
	year = "1944",
	publisher = "Princeton University Press",
	author = "John Neumann and Oskar Morgenstern",
	title = "Theory of Games and Economic Behavior",
	url = "https://archive.org/details/in.ernet.dli.2015.215284"
}

@article{koutmos2012,
	doi = {10.5430/afr.v1n2p109},
	url = {https://doi.org/10.5430%2Fafr.v1n2p109},
	year = 2012,
	month = {jun},
	publisher = {Sciedu Press},
	volume = {1},
	number = {2},
	author = {Dimitrios Koutmos},
	title = {Time-Varying Behavior of Stock Prices, Volatility Dynamics and Beta Risk in Industry Sector Indices of the Shanghai Stock Exchange},
	journal = {Accounting and Finance Research}
}

@article{dumas1998,
	doi = {10.1111/0022-1082.00083},
	url = {https://doi.org/10.1111%2F0022-1082.00083},
	year = 1998,
	month = {dec},
	publisher = {Wiley-Blackwell},
	volume = {53},
	number = {6},
	pages = {2059--2106},
	author = {Bernard Dumas and Jeff Fleming and Robert E. Whaley},
	title = {Implied Volatility Functions: Empirical Tests},
	journal = {The Journal of Finance}
}

@article{vaga1990,
	doi = {10.2469/faj.v46.n6.36},
	url = {https://doi.org/10.2469%2Ffaj.v46.n6.36},
	year = 1990,
	month = {nov},
	publisher = {{CFA} Institute},
	volume = {46},
	number = {6},
	pages = {36--49},
	author = {Tonis Vaga},
	title = {The Coherent Market Hypothesis},
	journal = {Financial Analysts Journal}
}

@article{oral2017,
	doi = {10.1142/s2424786317500402},
	url = {https://doi.org/10.1142%2Fs2424786317500402},
	year = 2017,
	month = {dec},
	publisher = {World Scientific Pub Co Pte Lt},
	volume = {04},
	number = {04},
	pages = {1750040},
	author = {Emrah Oral and Gazanfer Unal},
	title = {Dynamic correlation of Eastern and Western markets and forecasting: Scale-by-scale wavelet-based approach},
	journal = {International Journal of Financial Engineering}
}